@inproceedings{DBLP:conf/pldi/Shivers88,
  author    = {Olin Shivers},
  title     = {Control-Flow Analysis in Scheme},
  booktitle = {PLDI},
  year      = {1988},
  pages     = {164-174},
  ee        = {http://doi.acm.org/10.1145/53990.54007},
  bibsource = {DBLP, http://dblp.uni-trier.de}
}
@inproceedings{DBLP:conf/pldi/MightSH10,
  author    = {Matthew Might and
               Yannis Smaragdakis and
               David Van Horn},
  title     = {Resolving and exploiting the {\it }-CFA paradox: illuminating
               functional vs. object-oriented program analysis},
  booktitle = {PLDI},
  year      = {2010},
  pages     = {305-315},
  ee        = {http://doi.acm.org/10.1145/1806596.1806631},
  crossref  = {DBLP:conf/pldi/2010},
  bibsource = {DBLP, http://dblp.uni-trier.de}
}
@proceedings{DBLP:conf/pldi/2010,
  editor    = {Benjamin G. Zorn and
               Alexander Aiken},
  title     = {Proceedings of the 2010 ACM SIGPLAN Conference on Programming
               Language Design and Implementation, PLDI 2010, Toronto,
               Ontario, Canada, June 5-10, 2010},
  booktitle = {PLDI},
  publisher = {ACM},
  year      = {2010},
  isbn      = {978-1-4503-0019-3},
  bibsource = {DBLP, http://dblp.uni-trier.de}
}
@inproceedings{DBLP:conf/esop/DilligDA10,
  author    = {Isil Dillig and
               Thomas Dillig and
               Alex Aiken},
  title     = {Fluid Updates: Beyond Strong vs. Weak Updates},
  booktitle = {ESOP},
  year      = {2010},
  pages     = {246-266},
  ee        = {http://dx.doi.org/10.1007/978-3-642-11957-6_14},
  crossref  = {DBLP:conf/esop/2010},
  bibsource = {DBLP, http://dblp.uni-trier.de}
}
@proceedings{DBLP:conf/esop/2010,
  editor    = {Andrew D. Gordon},
  title     = {Programming Languages and Systems, 19th European Symposium
               on Programming, ESOP 2010, Held as Part of the Joint European
               Conferences on Theory and Practice of Software, ETAPS 2010,
               Paphos, Cyprus, March 20-28, 2010. Proceedings},
  booktitle = {ESOP},
  publisher = {Springer},
  series    = {Lecture Notes in Computer Science},
  volume    = {6012},
  year      = {2010},
  isbn      = {978-3-642-11956-9},
  ee        = {http://dx.doi.org/10.1007/978-3-642-11957-6},
  bibsource = {DBLP, http://dblp.uni-trier.de}
}
@inproceedings{DBLP:conf/oopsla/DiwanMM96,
  author    = {Amer Diwan and
               J. Eliot B. Moss and
               Kathryn S. McKinley},
  title     = {Simple and Effective Analysis of Statically Typed Object-Oriented
               Programs},
  booktitle = {OOPSLA},
  year      = {1996},
  pages     = {292-305},
  bibsource = {DBLP, http://dblp.uni-trier.de}
}
@inproceedings{DBLP:conf/oopsla/BaconS96,
  author    = {David F. Bacon and
               Peter F. Sweeney},
  title     = {Fast Static Analysis of C++ Virtual Function Calls},
  booktitle = {OOPSLA},
  year      = {1996},
  pages     = {324-341},
  bibsource = {DBLP, http://dblp.uni-trier.de}
}

@inproceedings{DBLP:conf/fossacs/JensenS01,
  author    = {Thomas P. Jensen and
               Fausto Spoto},
  title     = {Class Analysis of Object-Oriented Programs through Abstract
               Interpretation},
  booktitle = {FoSSaCS},
  year      = {2001},
  pages     = {261-275},
  ee        = {http://link.springer.de/link/service/series/0558/bibs/2030/20300261.htm},
  crossref  = {DBLP:conf/fossacs/2001},
  bibsource = {DBLP, http://dblp.uni-trier.de}
}
@proceedings{DBLP:conf/fossacs/2001,
  editor    = {Furio Honsell and
               Marino Miculan},
  title     = {Foundations of Software Science and Computation Structures,
               4th International Conference, FOSSACS 2001 Held as Part
               of the Joint European Conferences on Theory and Practice
               of Software, ETAPS 2001 Genova, Italy, April 2-6, 2001,
               Proceedings},
  booktitle = {FoSSaCS},
  publisher = {Springer},
  series    = {Lecture Notes in Computer Science},
  volume    = {2030},
  year      = {2001},
  isbn      = {3-540-41864-4},
  bibsource = {DBLP, http://dblp.uni-trier.de}
}
@article{DBLP:journals/tosem/FinkYDRG08,
  author    = {Stephen J. Fink and
               Eran Yahav and
               Nurit Dor and
               G. Ramalingam and
               Emmanuel Geay},
  title     = {Effective typestate verification in the presence of aliasing},
  journal   = {ACM Trans. Softw. Eng. Methodol.},
  volume    = {17},
  number    = {2},
  year      = {2008},
  ee        = {http://doi.acm.org/10.1145/1348250.1348255},
  bibsource = {DBLP, http://dblp.uni-trier.de}
}
@inproceedings{DBLP:conf/ecoop/HallerO10,
  author    = {Philipp Haller and
               Martin Odersky},
  title     = {Capabilities for Uniqueness and Borrowing},
  booktitle = {ECOOP},
  year      = {2010},
  pages     = {354-378},
  ee        = {http://dx.doi.org/10.1007/978-3-642-14107-2_17},
  crossref  = {DBLP:conf/ecoop/2010},
  bibsource = {DBLP, http://dblp.uni-trier.de}
}
@proceedings{DBLP:conf/ecoop/2010,
  editor    = {Theo D'Hondt},
  title     = {ECOOP 2010 - Object-Oriented Programming, 24th European
               Conference, Maribor, Slovenia, June 21-25, 2010. Proceedings},
  booktitle = {ECOOP},
  publisher = {Springer},
  series    = {Lecture Notes in Computer Science},
  volume    = {6183},
  year      = {2010},
  isbn      = {978-3-642-14106-5},
  ee        = {http://dx.doi.org/10.1007/978-3-642-14107-2},
  bibsource = {DBLP, http://dblp.uni-trier.de}
}
@inproceedings{DBLP:conf/ecoop/ChalinJ07,
  author    = {Patrice Chalin and
               Perry R. James},
  title     = {Non-null References by Default in Java: Alleviating the
               Nullity Annotation Burden},
  booktitle = {ECOOP},
  year      = {2007},
  pages     = {227-247},
  ee        = {http://dx.doi.org/10.1007/978-3-540-73589-2_12},
  crossref  = {DBLP:conf/ecoop/2007},
  bibsource = {DBLP, http://dblp.uni-trier.de}
}
@proceedings{DBLP:conf/ecoop/2007,
  editor    = {Erik Ernst},
  title     = {ECOOP 2007 - Object-Oriented Programming, 21st European
               Conference, Berlin, Germany, July 30 - August 3, 2007, Proceedings},
  booktitle = {ECOOP},
  publisher = {Springer},
  series    = {Lecture Notes in Computer Science},
  volume    = {4609},
  year      = {2007},
  isbn      = {978-3-540-73588-5},
  bibsource = {DBLP, http://dblp.uni-trier.de}
}
@inproceedings{DBLP:conf/popl/QiM09,
  author    = {Xin Qi and
               Andrew C. Myers},
  title     = {Masked types for sound object initialization},
  booktitle = {POPL},
  year      = {2009},
  pages     = {53-65},
  ee        = {http://doi.acm.org/10.1145/1480881.1480890},
  crossref  = {DBLP:conf/popl/2009},
  bibsource = {DBLP, http://dblp.uni-trier.de}
}
@proceedings{DBLP:conf/popl/2009,
  editor    = {Zhong Shao and
               Benjamin C. Pierce},
  title     = {Proceedings of the 36th ACM SIGPLAN-SIGACT Symposium on
               Principles of Programming Languages, POPL 2009, Savannah,
               GA, USA, January 21-23, 2009},
  booktitle = {POPL},
  publisher = {ACM},
  year      = {2009},
  isbn      = {978-1-60558-379-2},
  bibsource = {DBLP, http://dblp.uni-trier.de}
}
@inproceedings{DBLP:conf/popl/CousotC02,
  author    = {Patrick Cousot and
               Radhia Cousot},
  title     = {Systematic design of program transformation frameworks by
               abstract interpretation},
  booktitle = {POPL},
  year      = {2002},
  pages     = {178-190},
  ee        = {http://doi.acm.org/10.1145/503272.503290},
  bibsource = {DBLP, http://dblp.uni-trier.de}
}
@inproceedings{DBLP:conf/oopsla/DilligDA10,
  author    = {Isil Dillig and
               Thomas Dillig and
               Alex Aiken},
  title     = {Symbolic heap abstraction with demand-driven axiomatization
               of memory invariants},
  booktitle = {OOPSLA},
  year      = {2010},
  pages     = {397-410},
  ee        = {http://doi.acm.org/10.1145/1869459.1869493},
  crossref  = {DBLP:conf/oopsla/2010},
  bibsource = {DBLP, http://dblp.uni-trier.de}
}
@proceedings{DBLP:conf/oopsla/2010,
  editor    = {William R. Cook and
               Siobh{\'a}n Clarke and
               Martin C. Rinard},
  title     = {Proceedings of the 25th Annual ACM SIGPLAN Conference on
               Object-Oriented Programming, Systems, Languages, and Applications,
               OOPSLA 2010, October 17-21, 2010, Reno/Tahoe, Nevada, USA},
  booktitle = {OOPSLA},
  publisher = {ACM},
  year      = {2010},
  isbn      = {978-1-4503-0203-6},
  bibsource = {DBLP, http://dblp.uni-trier.de}
}
@inproceedings{DBLP:conf/pldi/ChaseWZ90,
  author    = {David R. Chase and
               Mark N. Wegman and
               F. Kenneth Zadeck},
  title     = {Analysis of Pointers and Structures},
  booktitle = {PLDI},
  year      = {1990},
  pages     = {296-310},
  ee        = {http://doi.acm.org/10.1145/93542.93585},
  bibsource = {DBLP, http://dblp.uni-trier.de}
}
@inproceedings{DBLP:conf/popl/CousotC77,
  author    = {Patrick Cousot and
               Radhia Cousot},
  title     = {Abstract Interpretation: A Unified Lattice Model for Static
               Analysis of Programs by Construction or Approximation of
               Fixpoints},
  booktitle = {POPL},
  year      = {1977},
  pages     = {238-252},
  ee        = {http://doi.acm.org/10.1145/512950.512973},
  bibsource = {DBLP, http://dblp.uni-trier.de}
}
@inproceedings{DBLP:conf/oopsla/FahndrichX07,
  author    = {Manuel F{\"a}hndrich and
               Songtao Xia},
  title     = {Establishing object invariants with delayed types},
  booktitle = {OOPSLA},
  year      = {2007},
  pages     = {337-350},
  ee        = {http://doi.acm.org/10.1145/1297027.1297052},
  crossref  = {DBLP:conf/oopsla/2007},
  bibsource = {DBLP, http://dblp.uni-trier.de}
}
@proceedings{DBLP:conf/oopsla/2007,
  editor    = {Richard P. Gabriel and
               David F. Bacon and
               Cristina Videira Lopes and
               Guy L. Steele Jr.},
  title     = {Proceedings of the 22nd Annual ACM SIGPLAN Conference on
               Object-Oriented Programming, Systems, Languages, and Applications,
               OOPSLA 2007, October 21-25, 2007, Montreal, Quebec, Canada},
  booktitle = {OOPSLA},
  publisher = {ACM},
  year      = {2007},
  isbn      = {978-1-59593-786-5},
  bibsource = {DBLP, http://dblp.uni-trier.de}
}
@article{DBLP:journals/tse/StromY93,
  author    = {Robert E. Strom and
               Daniel M. Yellin},
  title     = {Extending Typestate Checking Using Conditional Liveness
               Analysis},
  journal   = {IEEE Trans. Software Eng.},
  volume    = {19},
  number    = {5},
  year      = {1993},
  pages     = {478-485},
  ee        = {http://www.computer.org/tse/ts1993/e0478abs.htm},
  bibsource = {DBLP, http://dblp.uni-trier.de}
}

@article{DBLP:journals/tse/StromY86,
  author    = {Robert E. Strom and
               Shaula Yemini},
  title     = {Typestate: A Programming Language Concept for Enhancing
               Software Reliability},
  journal   = {IEEE Trans. Software Eng.},
  volume    = {12},
  number    = {1},
  year      = {1986},
  pages     = {157-171},
  bibsource = {DBLP, http://dblp.uni-trier.de}
}
@inproceedings{DBLP:conf/pldi/FahndrichD02,
  author    = {Manuel F{\"a}hndrich and Robert DeLine},
  title     = {Adoption and Focus: Practical Linear Types for Imperative Programming},
  booktitle = {PLDI},
  year      = {2002},
  pages     = {13-24},
  ee        = {http://doi.acm.org/10.1145/512529.512532},
  bibsource = {DBLP, http://dblp.uni-trier.de}
}
@MastersThesis{Salcianu2001,
  author =       {Alexandru D. Salcianu},
  title =        {Pointer Analysis and its Applications to {J}ava Programs},
  school =       {MIT},
  year =         2001
}

@PhdThesis{Salcianu2006,
  author =       {Alexandru D. Salcianu},
  title =        {Pointer Analysis for Java Programs: Novel Techniques and Applications},
  school =       {MIT},
  year =         2006
}
