@MastersThesis{Salcianu2001,
  author =       {Alexandru D. Salcianu},
  title =        {Pointer Analysis and its Applications to {J}ava Programs},
  school =       {MIT},
  year =         2001
}

@PhdThesis{Salcianu2006,
  author =       {Alexandru D. Salcianu},
  title =        {Pointer Analysis for Java Programs: Novel Techniques and Applications},
  school =       {MIT},
  year =         2006
}
@inproceedings{DBLP:conf/pldi/Shivers88,
  author    = {Olin Shivers},
  title     = {Control-Flow Analysis in Scheme},
  booktitle = {PLDI},
  year      = {1988},
  pages     = {164-174},
  ee        = {http://doi.acm.org/10.1145/53990.54007},
  bibsource = {DBLP, http://dblp.uni-trier.de}
}
@inproceedings{DBLP:conf/esop/DilligDA10,
  author    = {Isil Dillig and
               Thomas Dillig and
               Alex Aiken},
  title     = {Fluid Updates: Beyond Strong vs. Weak Updates},
  booktitle = {ESOP},
  year      = {2010},
  pages     = {246-266},
  ee        = {http://dx.doi.org/10.1007/978-3-642-11957-6_14},
  bibsource = {DBLP, http://dblp.uni-trier.de}
}
@inproceedings{DBLP:conf/fossacs/JensenS01,
  author    = {Thomas P. Jensen and
               Fausto Spoto},
  title     = {Class Analysis of Object-Oriented Programs through Abstract
               Interpretation},
  booktitle = {FoSSaCS},
  year      = {2001},
  pages     = {261-275},
  ee        = {http://link.springer.de/link/service/series/0558/bibs/2030/20300261.htm},
  bibsource = {DBLP, http://dblp.uni-trier.de}
}
@article{DBLP:journals/tosem/FinkYDRG08,
  author    = {Stephen J. Fink and
               Eran Yahav and
               Nurit Dor and
               G. Ramalingam and
               Emmanuel Geay},
  title     = {Effective typestate verification in the presence of aliasing},
  journal   = {ACM Trans. Softw. Eng. Methodol.},
  volume    = {17},
  number    = {2},
  year      = {2008},
  ee        = {http://doi.acm.org/10.1145/1348250.1348255},
  bibsource = {DBLP, http://dblp.uni-trier.de}
}
@inproceedings{DBLP:conf/ecoop/HallerO10,
  author    = {Philipp Haller and
               Martin Odersky},
  title     = {Capabilities for Uniqueness and Borrowing},
  booktitle = {ECOOP},
  year      = {2010},
  pages     = {354-378},
  ee        = {http://dx.doi.org/10.1007/978-3-642-14107-2_17},
  bibsource = {DBLP, http://dblp.uni-trier.de}
}
@inproceedings{DBLP:conf/ecoop/ChalinJ07,
  author    = {Patrice Chalin and
               Perry R. James},
  title     = {Non-null References by Default in Java: Alleviating the
               Nullity Annotation Burden},
  booktitle = {ECOOP},
  year      = {2007},
  pages     = {227-247},
  ee        = {http://dx.doi.org/10.1007/978-3-540-73589-2_12},
  bibsource = {DBLP, http://dblp.uni-trier.de}
}
